<record><leader>00000cas a2200000Ma 4500</leader><controlfield tag="001">10760970</controlfield><controlfield tag="008">840522d18411841ctuwr ne      0    0eng d</controlfield><datafield ind1=" " ind2=" " tag="010"><subfield code="a">sn 84023081 </subfield></datafield><datafield ind1=" " ind2=" " tag="040"><subfield code="a">AQM</subfield><subfield code="b">eng</subfield><subfield code="c">AQM</subfield><subfield code="d">OCLCQ</subfield></datafield><datafield ind1="0" ind2="0" tag="245"><subfield code="a">Hartford patriot and state eagle.</subfield></datafield><datafield ind1=" " ind2=" " tag="260"><subfield code="a">Hartford, Conn. :</subfield><subfield code="b">John B. Eldridge,</subfield><subfield code="c">1841.</subfield></datafield><datafield ind1=" " ind2=" " tag="300"><subfield code="a">v.</subfield></datafield><datafield ind1=" " ind2=" " tag="310"><subfield code="a">Weekly</subfield></datafield><datafield ind1="0" ind2=" " tag="362"><subfield code="a">Vol. 7, no. 4 (Mar. 20, 1841).</subfield></datafield><datafield ind1=" " ind2="7" tag="655"><subfield code="a">Newspapers.</subfield><subfield code="2">rbgenr</subfield></datafield><datafield ind1=" " ind2=" " tag="752"><subfield code="a">United States</subfield><subfield code="b">Connecticut</subfield><subfield code="c">Hartford</subfield><subfield code="d">Hartford.</subfield></datafield><datafield ind1="0" ind2="4" tag="780"><subfield code="t">Patriot and Democrat</subfield><subfield code="w">(DLC)sn 82014598</subfield></datafield><datafield ind1="0" ind2="4" tag="780"><subfield code="t">State eagle (Hartford, Conn.)</subfield><subfield code="w">(DLC)sn 82014314</subfield></datafield><datafield ind1="0" ind2="0" tag="785"><subfield code="t">Patriot and eagle</subfield><subfield code="w">(DLC)sn 82014995</subfield></datafield><datafield ind1="1" ind2=" " tag="029"><subfield code="a">AU@</subfield><subfield code="b">000020129311</subfield></datafield></record>